@article{Showman2007,
  doi = {10.1175/jas4007.1},
  url = {https://doi.org/10.1175/jas4007.1},
  year = {2007},
  month = sep,
  publisher = {American Meteorological Society},
  volume = {64},
  number = {9},
  pages = {3132--3157},
  author = {Adam P. Showman},
  title = {Numerical Simulations of Forced Shallow-Water Turbulence: Effects of Moist Convection on the Large-Scale Circulation of Jupiter and Saturn},
  journal = {Journal of the Atmospheric Sciences}
}

@article{Brueshaber2019,
  doi = {10.1016/j.icarus.2019.02.001},
  url = {https://doi.org/10.1016/j.icarus.2019.02.001},
  year = {2019},
  month = may,
  publisher = {Elsevier {BV}},
  volume = {323},
  pages = {46--61},
  author = {Shawn R. Brueshaber and Kunio M. Sayanagi and Timothy E. Dowling},
  title = {Dynamical regimes of giant planet polar vortices},
  journal = {Icarus}
}

@article{Antuano2015,
  doi = {10.1002/2014je004709},
  url = {https://doi.org/10.1002/2014je004709},
  year = {2015},
  month = feb,
  publisher = {American Geophysical Union ({AGU})},
  volume = {120},
  number = {2},
  pages = {155--176},
  author = {A. Antu{\~{n}}ano and T. del R{\'{\i}}o-Gaztelurrutia and A. S{\'{a}}nchez-Lavega and R. Hueso},
  title = {Dynamics of Saturn's polar regions},
  journal = {Journal of Geophysical Research: Planets}
}

@article{Adriani2018,
  doi = {10.1038/nature25491},
  url = {https://doi.org/10.1038/nature25491},
  year = {2018},
  month = mar,
  publisher = {Springer Science and Business Media {LLC}},
  volume = {555},
  number = {7695},
  pages = {216--219},
  author = {A. Adriani and A. Mura and G. Orton and C. Hansen and F. Altieri and M. L. Moriconi and J. Rogers and G. Eichst\"{a}dt and T. Momary and A. P. Ingersoll and G. Filacchione and G. Sindoni and F. Tabataba-Vakili and B. M. Dinelli and F. Fabiano and S. J. Bolton and J. E. P. Connerney and S. K. Atreya and J. I. Lunine and F. Tosi and A. Migliorini and D. Grassi and G. Piccioni and R. Noschese and A. Cicchetti and C. Plainaki and A. Olivieri and M. E. O'Neill and D. Turrini and S. Stefani and R. Sordini and M. Amoroso},
  title = {Clusters of cyclones encircling Jupiter's poles},
  journal = {Nature}
}

@misc{showman2009atmospheric,
      title={Atmospheric Circulation of Exoplanets}, 
      author={Adam P. Showman and James Y-K. Cho and Kristen Menou},
      year={2009},
      eprint={0911.3170},
      archivePrefix={arXiv},
      primaryClass={astro-ph.EP}
}

@misc{spmodel2006,
  title={SPMODEL: A Series of Hierarchical Spectral Models for Geophyiscal Fluid Dynamics},
  author={Takehiro, S. and Odaka, M. and Ishioka, K. and Ishiwatari, M. and Hayashi, Y.-Y.},
  journal={Nagare Multimedia 2006},
  year={2006},
  howpublished={\url{http://www.nagare.or.jp/mm/2006/spmodel/}}
}

@misc{spmodel2013,
  title={Hierarchical Spectral Models for GFD (SPMODEL)},
  author={Takehiro, S. and SASAKI, Y. and Ishioka, K. and Odaka, M. and Takahashi, Y. O. and Nakajima, K. and Ishiwatari, M. and Hayashi, Y.-Y. and SPMODEL Development Group},
  year={2013},
  institution={GFD Dennou Club},
  howpublished={\url{http://www.gfd-dennou.org/library/spmodel/}}
}

